@article{traeger2008nine,
  title={A nine year study of file system and storage benchmarking},
  author={Traeger, Avishay and Zadok, Erez and Joukov, Nikolai and Wright, Charles P},
  journal={ACM Transactions on Storage (TOS)},
  volume={4},
  number={2},
  pages={5},
  year={2008},
  publisher={ACM}
}
